@book{citeKey1,
  title={{Form and style in thesis writing}},
  author={Campbell, W.G.},
  year={1954},
  publisher={Houghton Mifflin}
}

@article{citeKey2,
  title={{An analysis of the current state of English majors' BA thesis writing [J]}},
  author={Wenkang, S.},
  journal={Foreign Language World},
  volume={3},
  year={2004}
}

@inproceedings{citeKey3,
author = {Iqbal, Shamsi T and Horvitz, Eric},
title = {{Notifications and awareness}},
booktitle = {the 2010 ACM conference},
year = {2010},
pages = {27--30},
publisher = {ACM Press},
address = {New York, New York, USA}
}

@incollection{citeKey4,
author = {Haag, Andreas and Goronzy, Silke and Schaich, Peter and Williams, Jason},
title = {{Emotion Recognition Using Bio-sensors: First Steps towards an Automatic System}},
booktitle = {Affective Dialogue Systems},
year = {2004},
pages = {36--48},
publisher = {Springer Berlin Heidelberg},
address = {Berlin, Heidelberg}
}

@inproceedings{citeKey5,
author = {Adamczyk, Piotr D and Bailey, Brian P and Iqbal, Shamsi T},
title = {{A method, system, and tools for intelligent interruption management}},
booktitle = {the 4th international workshop},
year = {2005},
pages = {123--126},
publisher = {ACM Press},
address = {New York, New York, USA}
}

@article{citeKey6,
author = {McCrickard, D Scott and Scott, Christa M Chewar McCrickard D and Chewar, C M},
title = {{Attuning notification design to user goals and attention costs}},
journal = {Communications of the ACM},
year = {2003},
volume = {46},
number = {3},
pages = {67},
month = mar
}





